<record><leader>00000cas a22000007a 4500</leader><controlfield tag="001">20398921</controlfield><controlfield tag="008">890926d19201925nduwr ne      0    0eng d</controlfield><datafield ind1=" " ind2=" " tag="010"><subfield code="a">sn 88076632 </subfield></datafield><datafield ind1=" " ind2=" " tag="040"><subfield code="a">NOP</subfield><subfield code="b">eng</subfield><subfield code="c">NOP</subfield><subfield code="d">OCLCQ</subfield></datafield><datafield ind1=" " ind2=" " tag="042"><subfield code="a">msc</subfield></datafield><datafield ind1="0" ind2="0" tag="245"><subfield code="a">Stutsman County citizen.</subfield></datafield><datafield ind1=" " ind2=" " tag="260"><subfield code="a">Jamestown, Stutsman County, N.D. :</subfield><subfield code="b">W.H. Nye</subfield></datafield><datafield ind1=" " ind2=" " tag="300"><subfield code="a">6 v. :</subfield><subfield code="b">ill. ;</subfield><subfield code="c">53 cm.</subfield></datafield><datafield ind1=" " ind2=" " tag="310"><subfield code="a">Weekly</subfield></datafield><datafield ind1="0" ind2=" " tag="362"><subfield code="a">Vol. 17, no. 36 (Sept. 23, 1920)-v. 22, no. 25 (June 25, 1925).</subfield></datafield><datafield ind1=" " ind2=" " tag="500"><subfield code="a">First issue retains publisher's block from the Medina citizen.</subfield></datafield><datafield ind1=" " ind2=" " tag="530"><subfield code="a">Available on microfilm from the State Historical Society of North Dakota.</subfield></datafield><datafield ind1=" " ind2=" " tag="752"><subfield code="a">United States</subfield><subfield code="b">North Dakota</subfield><subfield code="c">Stutsman</subfield><subfield code="d">Jamestown.</subfield></datafield><datafield ind1="0" ind2="0" tag="780"><subfield code="t">Medina citizen (Medina, N.D. : 1904)</subfield><subfield code="w">(DLC)sn 89074299</subfield></datafield><datafield ind1="0" ind2="7" tag="785"><subfield code="t">Jamestown weekly alert</subfield><subfield code="w">(DLC)sn 85042405</subfield></datafield><datafield ind1="0" ind2="7" tag="785"><subfield code="t">Jamestown weekly sun and Jamestown weekly alert and Stutsman County citizen</subfield><subfield code="w">(DLC)sn 88076630</subfield></datafield></record>